
@Article{Chen;Asau:1974a,
  author =       {Chen, H. C. and
                  Asau, Y.},
  year =         {1974},
  title =        {On generating random variates from an empirical
                  distribution},
  journal =      {AIIE Trans.},
  volume =       {6},
  pages =        {163--166}
}

@Book{Hoermann;Leydold;Derflinger:2004a,
  author =       {H{\"o}rmann, Wolfgang and
                  Leydold, Josef and
                  Derflinger, Gerhard},
  title =        {Automatic Nonuniform Random Variate Generation},
  publisher =    {Springer-Verlag},
  year =         {2004},
  address =      {Berlin Heidelberg}
}

@Article{Kinderman;Monahan:1977a,
  author =       {Kinderman, A. J. and
                  Monahan,   J. F.},
  title =        {Computer generation of random variables using the
                  ratio of uniform deviates},
  journal =      {ACM Trans. Math. Softw.},
  year =         {1977},
  volume =       {3},
  number =       {3},
  pages =        {257--260}
}

@Manual{Leydold;Hoermann:UNURAN,
  title = 	 {UNU.RAN User Manual},
  author =	 {Leydold, Josef and
                  H{\"o}rmann, Wolfgang},
  organization = {Department of Statistics and Mathematics,
                  WU Wien},
  address =	 {Augasse 2--6, A-1090 Wien, Austria},
  note =	 {\url{http://statmath.wu.ac.at/unuran/}}
}

@InCollection{Neumann:1951a,
  author =       {von Neumann, John},
  title =        {Various techniques used in connection with random
                  digits},
  booktitle =    {The {M}onte {C}arlo Method},
  editor =       {Householder, A. S. and others},
  series =       {Nat. Bur. Standards Appl. Math. Ser.},
  number =       {12},
  year =         {1951},
  pages =        {36--38}
}

@Article{Stefanescu;Vaduva:1987a,
  author =       {Stef{\u a}nescu, S. and
                  V{\u a}duva, I.},
  title =        {On computer generation of random vectors by
                  transformations of uniformly distributed vectors},
  journal =      {Computing},
  year =         {1987},
  volume =       {39},
  pages =        {141--153}
}

@InProceedings{Tirler;Leydold:2003a,
  author = 	 {Tirler, G{\"u}nter and
                  Leydold, Josef},
  title = 	 {Automatic Nonuniform Random Variate Generation in
                  {\textsf{R}}},
  booktitle =	 {Proceedings of the 3rd International Workshop on
                  Distributed Statistical Computing ({DSC~2003})},
  year =	 {2003},
  editor =	 {Hornik, Kurt and Leisch, Friedrich},
  note =	 {March 20--22, Vienna, Austria},
  URL =          {http://www.ci.tuwien.ac.at/Conferences/DSC-2003/Proceedings/}
}

@Article{Wakefield;Gelfand;Smith:1991a,
  author =       {Wakefield, J. C. and
                  Gelfand,   A. E. and
                  Smith, A. F. M.},
  title =        {Efficient generation of random variates via the
                  ratio-of-uniforms method},
  journal =      {Statist. Comput.},
  year =         {1991},
  volume =       {1},
  number =       {2},
  pages =        {129--133}
}

